@book{groote2014,
  author = {Groote, Jan Friso AND Mousavi, Mohammad Reza},
  year = 2014,
  title = {Modeling and Analysis of Communicating Systems},
  edition = {},
  isbn = {978-0-262-02771-7},
  publisher = {MIT Press},
  address = {Cambridge},
}

@webpage{mcrl2doc,
	title   = {mCRL2 User Documentation},
	url     = {http://www.mcrl2.org/web/user_manual/user.html},
	urldate = {2017-02-22},
}
